@article{DesFish07,
author={M. M. Desai AND D. S. Fisher},
title={Beneficial mutation-selection balance and the effect of linkage on positive selection},
journal={Genetics},
year={2007},
volume={176},
number={3},
page={1759â€“1798}
}
@article{GerrishLenski98,
author={P. J. Gerrish AND R. E. Lenski},
title={The fate of competing beneficial mutations in an asexual population},
journal={Genetica},
year={1998},
volume={102},
number={103},
page={127-144}
}
@book{Allen03,
author={L. J. S. Allen},
title={An Introduction to Stochastic Processes With Biology Applications},
publisher={Prentice-Hall},
city={New York},
year={2003}
}
@article{Barton95,
author={N. H. Barton},
title={Linkage and the limits to natural-selection},
journal={Genetics},
year={1995},
volume={140},
page={821-841}
}
@article{Barton98,
author={N. H. Barton},
title={The effect of hitch-hiking on neutral genealogies},
journal={Genetics Research},
year={1998},
volume={72},
page={123-133}
}
@article{BartonOtto05,
author={N. H. Barton AND S. P. Otto},
title={Evolution of recombination due to random drift},
journal={Genetics},
year={2005},
volume={169},
page={2353-2370}
}